 @misc{ wiki:xxx,
   author = "Wikiversity",
   title = "Pattern Recognition --- Wikiversity{,} ",
   year = "2019",
   url = "\url{https://en.wikiversity.org/w/index.php?title=Pattern_Recognition&oldid=2094378}",
   note = "[Online; accessed 19-November-2019]"
 }

@inproceedings{milletari2016v,
  title={V-net: Fully convolutional neural networks for volumetric medical image segmentation},
  author={Milletari, Fausto and Navab, Nassir and Ahmadi, Seyed-Ahmad},
  booktitle={2016 Fourth International Conference on 3D Vision (3DV)},
  pages={565--571},
  year={2016},
  organization={IEEE}
}

@article{mazurowski2008training,
  title={Training neural network classifiers for medical decision making: The effects of imbalanced datasets on classification performance},
  author={Mazurowski, Maciej A and Habas, Piotr A and Zurada, Jacek M and Lo, Joseph Y and Baker, Jay A and Tourassi, Georgia D},
  journal={Neural networks},
  volume={21},
  number={2-3},
  pages={427--436},
  year={2008},
  publisher={Elsevier}
}

@article{alom2018recurrent,
  title={Recurrent residual convolutional neural network based on u-net (R2U-net) for medical image segmentation},
  author={Alom, Md Zahangir and Hasan, Mahmudul and Yakopcic, Chris and Taha, Tarek M and Asari, Vijayan K},
  journal={arXiv preprint arXiv:1802.06955},
  year={2018}
}

@article{vardhana2018convolutional,
  title={Convolutional neural network for bio-medical image segmentation with hardware acceleration},
  author={Vardhana, M and Arunkumar, N and Lasrado, Sunitha and Abdulhay, Enas and Ramirez-Gonzalez, Gustavo},
  journal={Cognitive Systems Research},
  volume={50},
  pages={10--14},
  year={2018},
  publisher={Elsevier}
}

@article{kermany2018identifying,
  title={Identifying medical diagnoses and treatable diseases by image-based deep learning},
  author={Kermany, Daniel S and Goldbaum, Michael and Cai, Wenjia and Valentim, Carolina CS and Liang, Huiying and Baxter, Sally L and McKeown, Alex and Yang, Ge and Wu, Xiaokang and Yan, Fangbing and others},
  journal={Cell},
  volume={172},
  number={5},
  pages={1122--1131},
  year={2018},
  publisher={Elsevier}
}

@article{albarqouni2016aggnet,
  title={Aggnet: deep learning from crowds for mitosis detection in breast cancer histology images},
  author={Albarqouni, Shadi and Baur, Christoph and Achilles, Felix and Belagiannis, Vasileios and Demirci, Stefanie and Navab, Nassir},
  journal={IEEE transactions on medical imaging},
  volume={35},
  number={5},
  pages={1313--1321},
  year={2016},
  publisher={IEEE}
}

@article{van2016fast,
  title={Fast convolutional neural network training using selective data sampling: Application to hemorrhage detection in color fundus images},
  author={Van Grinsven, Mark JJP and van Ginneken, Bram and Hoyng, Carel B and Theelen, Thomas and S{\'a}nchez, Clara I},
  journal={IEEE transactions on medical imaging},
  volume={35},
  number={5},
  pages={1273--1284},
  year={2016},
  publisher={IEEE}
}

@inproceedings{zhu2018adversarial,
  title={Adversarial deep structured nets for mass segmentation from mammograms},
  author={Zhu, Wentao and Xiang, Xiang and Tran, Trac D and Hager, Gregory D and Xie, Xiaohui},
  booktitle={2018 IEEE 15th International Symposium on Biomedical Imaging (ISBI 2018)},
  pages={847--850},
  year={2018},
  organization={IEEE}
}

@inproceedings{shen2015multi,
  title={Multi-scale convolutional neural networks for lung nodule classification},
  author={Shen, Wei and Zhou, Mu and Yang, Feng and Yang, Caiyun and Tian, Jie},
  booktitle={International Conference on Information Processing in Medical Imaging},
  pages={588--599},
  year={2015},
  organization={Springer}
}

@article{payan2015predicting,
  title={Predicting Alzheimer's disease: a neuroimaging study with 3D convolutional neural networks},
  author={Payan, Adrien and Montana, Giovanni},
  journal={arXiv preprint arXiv:1502.02506},
  year={2015}
}

@article{gao2015automatic,
  title={Automatic feature learning to grade nuclear cataracts based on deep learning},
  author={Gao, Xinting and Lin, Stephen and Wong, Tien Yin},
  journal={IEEE Transactions on Biomedical Engineering},
  volume={62},
  number={11},
  pages={2693--2701},
  year={2015},
  publisher={IEEE}
}

@inproceedings{antony2016quantifying,
  title={Quantifying radiographic knee osteoarthritis severity using deep convolutional neural networks},
  author={Antony, Joseph and McGuinness, Kevin and O'Connor, Noel E and Moran, Kieran},
  booktitle={2016 23rd International Conference on Pattern Recognition (ICPR)},
  pages={1195--1200},
  year={2016},
  organization={IEEE}
}

@article{setio2016pulmonary,
  title={Pulmonary nodule detection in CT images: false positive reduction using multi-view convolutional networks},
  author={Setio, Arnaud Arindra Adiyoso and Ciompi, Francesco and Litjens, Geert and Gerke, Paul and Jacobs, Colin and Van Riel, Sarah J and Wille, Mathilde Marie Winkler and Naqibullah, Matiullah and S{\'a}nchez, Clara I and van Ginneken, Bram},
  journal={IEEE transactions on medical imaging},
  volume={35},
  number={5},
  pages={1160--1169},
  year={2016},
  publisher={IEEE}
}

@inproceedings{zhu2018deeplung,
  title={Deeplung: Deep 3d dual path nets for automated pulmonary nodule detection and classification},
  author={Zhu, Wentao and Liu, Chaochun and Fan, Wei and Xie, Xiaohui},
  booktitle={2018 IEEE Winter Conference on Applications of Computer Vision (WACV)},
  pages={673--681},
  year={2018},
  organization={IEEE}
}

@article{cheng2016computer,
  title={Computer-aided diagnosis with deep learning architecture: applications to breast lesions in US images and pulmonary nodules in CT scans},
  author={Cheng, Jie-Zhi and Ni, Dong and Chou, Yi-Hong and Qin, Jing and Tiu, Chui-Mei and Chang, Yeun-Chung and Huang, Chiun-Sheng and Shen, Dinggang and Chen, Chung-Ming},
  journal={Scientific reports},
  volume={6},
  pages={24454},
  year={2016},
  publisher={Nature Publishing Group}
}

@article{kallenberg2016unsupervised,
  title={Unsupervised deep learning applied to breast density segmentation and mammographic risk scoring},
  author={Kallenberg, Michiel and Petersen, Kersten and Nielsen, Mads and Ng, Andrew Y and Diao, Pengfei and Igel, Christian and Vachon, Celine M and Holland, Katharina and Winkel, Rikke Rass and Karssemeijer, Nico and others},
  journal={IEEE transactions on medical imaging},
  volume={35},
  number={5},
  pages={1322--1331},
  year={2016},
  publisher={IEEE}
}

@inproceedings{zhu2017deep,
  title={Deep multi-instance networks with sparse label assignment for whole mammogram classification},
  author={Zhu, Wentao and Lou, Qi and Vang, Yeeleng Scott and Xie, Xiaohui},
  booktitle={International Conference on Medical Image Computing and Computer-Assisted Intervention},
  pages={603--611},
  year={2017},
  organization={Springer}
}

@article{esteva2017dermatologist,
  title={Dermatologist-level classification of skin cancer with deep neural networks},
  author={Esteva, Andre and Kuprel, Brett and Novoa, Roberto A and Ko, Justin and Swetter, Susan M and Blau, Helen M and Thrun, Sebastian},
  journal={Nature},
  volume={542},
  number={7639},
  pages={115},
  year={2017},
  publisher={Nature Publishing Group}
}

@inproceedings{zheng20153d,
  title={3D deep learning for efficient and robust landmark detection in volumetric data},
  author={Zheng, Yefeng and Liu, David and Georgescu, Bogdan and Nguyen, Hien and Comaniciu, Dorin},
  booktitle={International Conference on Medical Image Computing and Computer-Assisted Intervention},
  pages={565--572},
  year={2015},
  organization={Springer}
}

@inproceedings{yang2015automated,
  title={Automated anatomical landmark detection ondistal femur surface using convolutional neural network},
  author={Yang, Dong and Zhang, Shaoting and Yan, Zhennan and Tan, Chaowei and Li, Kang and Metaxas, Dimitris},
  booktitle={2015 IEEE 12th international symposium on biomedical imaging (ISBI)},
  pages={17--21},
  year={2015},
  organization={IEEE}
}

@inproceedings{ghesu2016artificial,
  title={An artificial agent for anatomical landmark detection in medical images},
  author={Ghesu, Florin C and Georgescu, Bogdan and Mansi, Tommaso and Neumann, Dominik and Hornegger, Joachim and Comaniciu, Dorin},
  booktitle={International Conference on Medical Image Computing and Computer-Assisted Intervention},
  pages={229--237},
  year={2016},
  organization={Springer}
}

@inproceedings{baumgartner2016real,
  title={Real-time standard scan plane detection and localisation in fetal ultrasound using fully convolutional neural networks},
  author={Baumgartner, Christian F and Kamnitsas, Konstantinos and Matthew, Jacqueline and Smith, Sandra and Kainz, Bernhard and Rueckert, Daniel},
  booktitle={International Conference on Medical Image Computing and Computer-Assisted Intervention},
  pages={203--211},
  year={2016},
  organization={Springer}
}

@inproceedings{zhu2018deepem,
  title={Deepem: Deep 3d convnets with em for weakly supervised pulmonary nodule detection},
  author={Zhu, Wentao and Vang, Yeeleng S and Huang, Yufang and Xie, Xiaohui},
  booktitle={International Conference on Medical Image Computing and Computer-Assisted Intervention},
  pages={812--820},
  year={2018},
  organization={Springer}
}

@article{kamnitsas2017efficient,
  title={Efficient multi-scale 3D CNN with fully connected CRF for accurate brain lesion segmentation},
  author={Kamnitsas, Konstantinos and Ledig, Christian and Newcombe, Virginia FJ and Simpson, Joanna P and Kane, Andrew D and Menon, David K and Rueckert, Daniel and Glocker, Ben},
  journal={Medical image analysis},
  volume={36},
  pages={61--78},
  year={2017},
  publisher={Elsevier}
}

@inproceedings{christ2016automatic,
  title={Automatic liver and lesion segmentation in CT using cascaded fully convolutional neural networks and 3D conditional random fields},
  author={Christ, Patrick Ferdinand and Elshaer, Mohamed Ezzeldin A and Ettlinger, Florian and Tatavarty, Sunil and Bickel, Marc and Bilic, Patrick and Rempfler, Markus and Armbruster, Marco and Hofmann, Felix and D’Anastasi, Melvin and others},
  booktitle={International Conference on Medical Image Computing and Computer-Assisted Intervention},
  pages={415--423},
  year={2016},
  organization={Springer}
}

@inproceedings{christ2017survivalnet,
  title={SurvivalNet: Predicting patient survival from diffusion weighted magnetic resonance images using cascaded fully convolutional and 3D convolutional neural networks},
  author={Christ, Patrick Ferdinand and Ettlinger, Florian and Kaissis, Georgios and Schlecht, Sebastian and Ahmaddy, Freba and Gr{\"u}n, Felix and Valentinitsch, Alexander and Ahmadi, Seyed-Ahmad and Braren, Rickmer and Menze, Bjoern},
  booktitle={2017 IEEE 14th International Symposium on Biomedical Imaging (ISBI 2017)},
  pages={839--843},
  year={2017},
  organization={IEEE}
}

@inproceedings{kamnitsas2017unsupervised,
  title={Unsupervised domain adaptation in brain lesion segmentation with adversarial networks},
  author={Kamnitsas, Konstantinos and Baumgartner, Christian and Ledig, Christian and Newcombe, Virginia and Simpson, Joanna and Kane, Andrew and Menon, David and Nori, Aditya and Criminisi, Antonio and Rueckert, Daniel and others},
  booktitle={International conference on information processing in medical imaging},
  pages={597--609},
  year={2017},
  organization={Springer}
}

@inproceedings{dasgupta2017fully,
  title={A fully convolutional neural network based structured prediction approach towards the retinal vessel segmentation},
  author={Dasgupta, Avijit and Singh, Sonam},
  booktitle={2017 IEEE 14th International Symposium on Biomedical Imaging (ISBI 2017)},
  pages={248--251},
  year={2017},
  organization={IEEE}
}

@inproceedings{nazeri2018two,
  title={Two-Stage Convolutional Neural Network for Breast Cancer Histology Image Classification},
  author={Nazeri, Kamyar and Aminpour, Azad and Ebrahimi, Mehran},
  booktitle={International Conference Image Analysis and Recognition},
  pages={717--726},
  year={2018},
  organization={Springer}
}

@inproceedings{dataset,
  title={Data from NSCLC-Cetuximab},
  author={Bradley, Jeffrey; Forster, Ken},
  year={2019},
  organization={The Cancer Imaging Archive. DOI: 10.7937/TCIA.2018.jze75u7v}
}

@misc{matterport_maskrcnn_2017,
  title={Mask R-CNN for object detection and instance segmentation on Keras and TensorFlow},
  author={Waleed Abdulla},
  year={2017},
  publisher={Github},
  journal={GitHub repository},
  howpublished={\url{https://github.com/matterport/Mask_RCNN}},
}
@inproceedings{he2016deep,
  title={Deep residual learning for image recognition},
  author={He, Kaiming and Zhang, Xiangyu and Ren, Shaoqing and Sun, Jian},
  booktitle={Proceedings of the IEEE conference on computer vision and pattern recognition},
  pages={770--778},
  year={2016}
}